<record><leader>00000cas a2200000 a 4500</leader><controlfield tag="001">15012952</controlfield><controlfield tag="008">861224d18831884msusr ne      0    0eng c</controlfield><datafield ind1=" " ind2=" " tag="010"><subfield code="a">sn 87065012 </subfield></datafield><datafield ind1=" " ind2=" " tag="040"><subfield code="a">MJA</subfield><subfield code="b">eng</subfield><subfield code="c">MJA</subfield><subfield code="d">MSJ</subfield><subfield code="d">CRL</subfield><subfield code="d">OCLCQ</subfield><subfield code="d">OCLCF</subfield><subfield code="d">OCLCO</subfield><subfield code="d">DLC</subfield></datafield><datafield ind1=" " ind2=" " tag="042"><subfield code="a">pcc</subfield></datafield><datafield ind1=" " ind2=" " tag="043"><subfield code="a">n-us-ms</subfield></datafield><datafield ind1="0" ind2=" " tag="130"><subfield code="a">Argus (Clinton, Miss.)</subfield></datafield><datafield ind1="1" ind2="4" tag="245"><subfield code="a">The Argus.</subfield></datafield><datafield ind1=" " ind2=" " tag="260"><subfield code="a">Clinton, Miss. :</subfield><subfield code="b">W.A. Hurt,</subfield><subfield code="c">1883-</subfield></datafield><datafield ind1=" " ind2=" " tag="310"><subfield code="a">Semimonthly,</subfield><subfield code="b">&lt;Apr. 15, 1883&gt;-Nov. 15, 1884</subfield></datafield><datafield ind1=" " ind2=" " tag="321"><subfield code="a">Weekly,</subfield><subfield code="b">Feb. 2-&lt;Mar. 23, 1883&gt;</subfield></datafield><datafield ind1="0" ind2=" " tag="362"><subfield code="a">Vol. 1, no. 1 (Feb. 2, 1883)-</subfield></datafield><datafield ind1="1" ind2=" " tag="362"><subfield code="a">Ceased in 1884.</subfield></datafield><datafield ind1=" " ind2=" " tag="500"><subfield code="a">Published in Winona, Miss., &lt;Mar. 1, 1884-Nov. 15, 1884&gt;</subfield></datafield><datafield ind1=" " ind2=" " tag="530"><subfield code="a">Also issued on microfilm from UMI.</subfield></datafield><datafield ind1=" " ind2=" " tag="550"><subfield code="a">"Official organ of the Prohibition Union of Mississippi."</subfield></datafield><datafield ind1=" " ind2=" " tag="580"><subfield code="a">Continues: Rural Mississippian? Cf. Argus (Clinton, Miss.), Feb. 2, 1883 issue.</subfield></datafield><datafield ind1=" " ind2=" " tag="588"><subfield code="a">Latest issue consulted: Vol. 2, no. 23 (Nov. 15, 1884).</subfield></datafield><datafield ind1=" " ind2="0" tag="650"><subfield code="a">Prohibition</subfield><subfield code="z">Mississippi</subfield><subfield code="v">Newspapers.</subfield></datafield><datafield ind1=" " ind2="0" tag="650"><subfield code="a">Temperance</subfield><subfield code="z">Mississippi</subfield><subfield code="v">Newspapers.</subfield></datafield><datafield ind1=" " ind2="0" tag="651"><subfield code="a">Clinton (Miss.)</subfield><subfield code="v">Newspapers.</subfield></datafield><datafield ind1=" " ind2="0" tag="651"><subfield code="a">Winona (Miss.)</subfield><subfield code="v">Newspapers.</subfield></datafield><datafield ind1=" " ind2="7" tag="650"><subfield code="a">Prohibition.</subfield><subfield code="2">fast</subfield><subfield code="0">(OCoLC)fst01078761</subfield></datafield><datafield ind1=" " ind2="7" tag="650"><subfield code="a">Temperance.</subfield><subfield code="2">fast</subfield><subfield code="0">(OCoLC)fst01147309</subfield></datafield><datafield ind1=" " ind2="7" tag="651"><subfield code="a">Mississippi.</subfield><subfield code="2">fast</subfield><subfield code="0">(OCoLC)fst01207034</subfield></datafield><datafield ind1=" " ind2="7" tag="651"><subfield code="a">Mississippi</subfield><subfield code="z">Clinton.</subfield><subfield code="2">fast</subfield><subfield code="0">(OCoLC)fst01219460</subfield></datafield><datafield ind1=" " ind2="7" tag="651"><subfield code="a">Mississippi</subfield><subfield code="z">Winona.</subfield><subfield code="2">fast</subfield><subfield code="0">(OCoLC)fst01219469</subfield></datafield><datafield ind1=" " ind2="7" tag="655"><subfield code="a">Newspapers.</subfield><subfield code="2">fast</subfield><subfield code="0">(OCoLC)fst01423814</subfield></datafield><datafield ind1="2" ind2=" " tag="710"><subfield code="a">Prohibition Union of Mississippi.</subfield></datafield><datafield ind1=" " ind2=" " tag="752"><subfield code="a">United States</subfield><subfield code="b">Mississippi</subfield><subfield code="c">Montgomery</subfield><subfield code="d">Winona.</subfield></datafield><datafield ind1=" " ind2=" " tag="752"><subfield code="a">United States</subfield><subfield code="b">Mississippi</subfield><subfield code="c">Hinds</subfield><subfield code="d">Clinton.</subfield></datafield><datafield ind1="0" ind2="0" tag="780"><subfield code="t">Rural Mississippian</subfield></datafield><datafield ind1="0" ind2="0" tag="785"><subfield code="t">Sword and shield</subfield><subfield code="x">2575-534X</subfield><subfield code="w">(DLC)sn 87065018</subfield><subfield code="w">(OCoLC)14999659</subfield></datafield><datafield ind1="1" ind2=" " tag="029"><subfield code="a">AU@</subfield><subfield code="b">000020456355</subfield></datafield></record>